<?xml version="1.0" encoding="UTF-8"?><collection xmlns="http://www.loc.gov/MARC21/slim"><record><leader>00549nam--2200193-u-4500</leader><controlfield tag="001">000050924</controlfield><controlfield tag="002">20161230</controlfield><controlfield tag="005">20161230201048</controlfield><controlfield tag="008">080422s1000------------r-----000-0-eng-d</controlfield><datafield ind1=" " ind2=" " tag="020"><subfield code="a">0521318270</subfield></datafield><datafield ind1=" " ind2=" " tag="040"><subfield code="a">IFIN-HH</subfield></datafield><datafield ind1=" " ind2=" " tag="080"><subfield code="a">539.12:539.14</subfield></datafield><datafield ind1="1" ind2=" " tag="100"><subfield code="a">Coleman, Sidney</subfield></datafield><datafield ind1="1" ind2="0" tag="245"><subfield code="a">Aspects of Symetry: Selected Erice Lectures of Sidney Coleman</subfield><subfield code="c">Sidney Coleman</subfield></datafield><datafield ind1=" " ind2=" " tag="260"><subfield code="a">Cambridge</subfield><subfield code="b">Cambridge University Press</subfield><subfield code="c">1999</subfield></datafield><datafield ind1=" " ind2=" " tag="300"><subfield code="a">402 p</subfield></datafield><datafield ind1=" " ind2="4" tag="650"><subfield code="a">Particles (Nuclear Physics)</subfield></datafield><datafield ind1=" " ind2=" " tag="852"><subfield code="a">82010</subfield><subfield code="c">530.1</subfield></datafield><datafield ind1=" " ind2=" " tag="CAT"><subfield code="a">Sys</subfield><subfield code="c">20110324</subfield><subfield code="h">113340</subfield></datafield></record></collection>